@misc{
	wciom,
	title="ВЦИОМ: Такси в России [Электронный ресурс]",
	howpublished="Режим доступа: \url{https://wciom.ru/analytical-reviews/analiticheskii-obzor/taksi-v-rossii-mnenie-polzovatelei} (дата обращения 15.10.2023)"
}

@misc{
	dtp,
	title="Аналитический центр при правительстве РФ [Электронный ресурс]",
	howpublished="Режим доступа: \url{https://ac.gov.ru/archive/files/content/19540/taksi-avariinost-final-2311-pdf.pdf} (дата обращения 15.10.2023)"
}

@inproceedings{cnn-mlp,
	title={Learning and transferring mid-level image representations using convolutional neural networks},
	author={Oquab, Maxime and Bottou, Leon and Laptev, Ivan and Sivic, Josef},
	booktitle={Proceedings of the IEEE conference on computer vision and pattern recognition},
	pages={1717--1724},
	year={2014}
}

@article{conv-layer,
	title={Deep learning},
	author={LeCun, Yann and Bengio, Yoshua and Hinton, Geoffrey},
	journal={nature},
	volume={521},
	number={7553},
	pages={436--444},
	year={2015},
	publisher={Nature Publishing Group UK London}
}

@inproceedings{relu,
	title={RELU-function and derived function review},
	author={Bai, Yuhan},
	booktitle={SHS Web of Conferences},
	volume={144},
	pages={02006},
	year={2022},
	organization={EDP Sciences}
}

@article{pooling-layer-1,
	title={Recent advances in convolutional neural networks},
	author={Gu, Jiuxiang and Wang, Zhenhua and Kuen, Jason and Ma, Lianyang and Shahroudy, Amir and Shuai, Bing and Liu, Ting and Wang, Xingxing and Wang, Gang and Cai, Jianfei and others},
	journal={Pattern recognition},
	volume={77},
	pages={354--377},
	year={2018},
	publisher={Elsevier}
}

@article{pooling-layer-2,
	title={Review of image classification algorithms based on convolutional neural networks},
	author={Chen, Leiyu and Li, Shaobo and Bai, Qiang and Yang, Jing and Jiang, Sanlong and Miao, Yanming},
	journal={Remote Sensing},
	volume={13},
	number={22},
	pages={4712},
	year={2021},
	publisher={MDPI}
}

@article{pooling-layer-3,
	title={A survey of deep neural network architectures and their applications},
	author={Liu, Weibo and Wang, Zidong and Liu, Xiaohui and Zeng, Nianyin and Liu, Yurong and Alsaadi, Fuad E},
	journal={Neurocomputing},
	volume={234},
	pages={11--26},
	year={2017},
	publisher={Elsevier}
}

@inproceedings{pooling-layer-4,
	title={A theoretical analysis of feature pooling in visual recognition},
	author={Boureau, Y-Lan and Ponce, Jean and LeCun, Yann},
	booktitle={Proceedings of the 27th international conference on machine learning (ICML-10)},
	pages={111--118},
	year={2010}
}

@article{models-comprasion,
	title={A comparative study of different CNN models and transfer learning effect for underwater object classification in side-scan sonar images},
	author={Du, Xing and Sun, Yongfu and Song, Yupeng and Sun, Huifeng and Yang, Lei},
	journal={Remote Sensing},
	volume={15},
	number={3},
	pages={593},
	year={2023},
	publisher={MDPI}
}

@inproceedings{googlenet,
	title={Going deeper with convolutions},
	author={Szegedy, Christian and Liu, Wei and Jia, Yangqing and Sermanet, Pierre and Reed, Scott and Anguelov, Dragomir and Erhan, Dumitru and Vanhoucke, Vincent and Rabinovich, Andrew},
	booktitle={Proceedings of the IEEE conference on computer vision and pattern recognition},
	pages={1--9},
	year={2015}
}


@article{gradient_problem,
	title={The exploding gradient problem demystified-definition, prevalence, impact, origin, tradeoffs, and solutions},
	author={Philipp, George and Song, Dawn and Carbonell, Jaime G},
	journal={arXiv preprint arXiv:1712.05577},
	year={2017}
}

@misc{
	state-farm-distracted-driver-detection,
	title = "State Farm Distracted Driver Detection [Электронный ресурс]",
	howpublished = "Режим доступа: \url{https://kaggle.com/competitions/state-farm-distracted-driver-detection} (дата обращения 01.04.2024)"
}

@misc{
	python,
	title = "Python [Электронный ресурс]",
	howpublished = "Режим доступа: \url{https://www.python.org/} (дата обращения 01.04.2024)"
}

@misc{
	tensorflow,
	title = "Tensorflow [Электронный ресурс]",
	howpublished = "Режим доступа: \url{https://www.tensorflow.org/} (дата обращения 01.04.2024)"
}


@article{tensorflow_pytorch,
	title={Performance analysis of deep learning libraries: TensorFlow and PyTorch},
	author={Florencio, Felipe and Valen, Thiago and Moreno, Edward David and Cola, Methanias and others},
	journal={Journal of Computer Science},
	volume={15},
	number={6},
	pages={785--799},
	year={2019},
	publisher={Science Publications}
}

@misc{
	dgx,
	title = "Tensorflow [Электронный ресурс]",
	howpublished = "Режим доступа: \url{https://www.nvidia.com/ru-ru/data-center/dgx-systems/} (дата обращения 01.04.2024)"
}

@misc{
	apple,
	title = "Apple M1 Pro [Электронный ресурс]",
	howpublished = "Режим доступа: \url{https://apple.fandom.com/wiki/Apple_M1_Pro} (дата обращения 01.04.2024)"
}


